<record><leader>00000cas a22000007a 4500</leader><controlfield tag="001">32661922</controlfield><controlfield tag="008">950616c199u9999ncuwr ne      0    0eng d</controlfield><datafield ind1=" " ind2=" " tag="010"><subfield code="a">sn 95072318 </subfield></datafield><datafield ind1=" " ind2=" " tag="040"><subfield code="a">NVJ</subfield><subfield code="b">eng</subfield><subfield code="c">NVJ</subfield><subfield code="d">OCLCQ</subfield><subfield code="d">OCLCA</subfield><subfield code="d">OCLCF</subfield><subfield code="d">OCL</subfield></datafield><datafield ind1=" " ind2=" " tag="042"><subfield code="a">msc</subfield></datafield><datafield ind1=" " ind2=" " tag="043"><subfield code="a">n-us---</subfield></datafield><datafield ind1="0" ind2=" " tag="130"><subfield code="a">Globe (Camp Lejeune, N.C. : 1995)</subfield></datafield><datafield ind1="1" ind2="4" tag="245"><subfield code="a">The globe.</subfield></datafield><datafield ind1=" " ind2=" " tag="260"><subfield code="a">Camp Lejeune, N.C. :</subfield><subfield code="b">Consolidated Public Affairs Office</subfield></datafield><datafield ind1=" " ind2=" " tag="300"><subfield code="a">v.</subfield></datafield><datafield ind1=" " ind2=" " tag="310"><subfield code="a">Weekly</subfield></datafield><datafield ind1=" " ind2=" " tag="530"><subfield code="a">Available on microfilm from U.S. Marine Corps, Microfilm Unit.</subfield></datafield><datafield ind1=" " ind2=" " tag="588"><subfield code="a">Description based on: Vol. 52, no. 18 (May 18, 1995).</subfield></datafield><datafield ind1="1" ind2="0" tag="610"><subfield code="a">United States.</subfield><subfield code="b">Marine Corps</subfield><subfield code="x">Military life</subfield><subfield code="v">Periodicals.</subfield></datafield><datafield ind1="1" ind2="7" tag="610"><subfield code="a">United States.</subfield><subfield code="b">Marine Corps.</subfield><subfield code="2">fast</subfield><subfield code="0">(OCoLC)fst00528845</subfield></datafield><datafield ind1=" " ind2="7" tag="650"><subfield code="a">Armed Forces</subfield><subfield code="x">Military life.</subfield><subfield code="2">fast</subfield><subfield code="0">(OCoLC)fst01351813</subfield></datafield><datafield ind1=" " ind2="7" tag="655"><subfield code="a">Periodicals.</subfield><subfield code="2">fast</subfield><subfield code="0">(OCoLC)fst01411641</subfield></datafield><datafield ind1=" " ind2=" " tag="752"><subfield code="a">United States</subfield><subfield code="b">North Carolina</subfield><subfield code="c">Onslow</subfield><subfield code="d">Camp Lejeune.</subfield></datafield><datafield ind1="0" ind2="0" tag="780"><subfield code="t">Camp Lejeune globe (Camp Lejeune, N.C. : 1985)</subfield><subfield code="w">(DLC)sn 95072310</subfield></datafield><datafield ind1="1" ind2=" " tag="029"><subfield code="a">AU@</subfield><subfield code="b">000041538614</subfield></datafield></record>